@inproceedings{mtd_vol1,
   title =     {Moving Target Defense: Creating Asymmetric Uncertainty for Cyber Threats },
   author =    {Pratyusa K. Manadhata, Jeannette M. Wing (auth.), Sushil Jajodia, Anup K. Ghosh, Vipin Swarup, Cliff Wang, X. Sean Wang (eds.)},
   publisher = {Springer},
   isbn =      {1461409772; 1461409764; 9781461409762; 9781461409779},
   year =      {2011},
   series =    {Advances in Information Security    №54},
   edition =   {1},
   url =       {libgen.li/file.php?md5=9367b1bdc68f4e65c6a1e8bba2dabbcf}
}

@inproceedings{mtd_vol2,
   title =     {Moving Target Defense II: Application of Game Theory and Adversarial Modeling},
   author =    {Pratyusa K. Manadhata (auth.), Sushil Jajodia, Anup K. Ghosh, V.S. Subrahmanian, Vipin Swarup, Cliff Wang, X. Sean Wang (eds.)},
   publisher = {Springer},
   isbn =      {9781461454151; 1461454158; 9781461454168; 1461454166},
   year =      {2013},
   series =    {Advances in Information Security    №100},
   edition =   {1},
   url =       {libgen.li/file.php?md5=fc7d0e60c644dd3ff03ba7c8ed1e3598}}

@article{mtd_techniques,
author = {Xu, Jun and Guo, Pinyao and Zhao, Mingyi and Erbacher, Robert and Zhu, Minghui and Liu, Peng},
year = {2014},
month = {11},
pages = {97-107},
title = {Comparing Different Moving Target Defense Techniques},
volume = {2014},
journal = {Proceedings of the ACM Conference on Computer and Communications Security},
doi = {10.1145/2663474.2663486}
}

@misc{cho2019proactive,
      title={Toward Proactive, Adaptive Defense: A Survey on Moving Target Defense}, 
      author={Jin-Hee Cho and Dilli P. Sharma and Hooman Alavizadeh and Seunghyun Yoon and Noam Ben-Asher and Terrence J. Moore and Dong Seong Kim and Hyuk Lim and Frederica F. Nelson},
      year={2019},
      eprint={1909.08092},
      archivePrefix={arXiv},
      primaryClass={cs.NI}
}


@article{number_of_iot_devices,
author = {Vailshery, Lionel Sujay},
url = {https://www.statista.com/statistics/1183457/iot-connected-devices-worldwide/},
year = {2023},
publisher = {Statista},
note = {Accessed: January 2024},
title = {Number of IoT connected devices worldwide 2019-2023, with forecasts to 2030},
}

@ARTICLE{iot_electric_grid,
  author={Bedi, Guneet and Venayagamoorthy, Ganesh Kumar and Singh, Rajendra and Brooks, Richard R. and Wang, Kuang-Ching},
  journal={IEEE Internet of Things Journal}, 
  title={Review of Internet of Things (IoT) in Electric Power and Energy Systems}, 
  year={2018},
  volume={5},
  number={2},
  pages={847-870},
  doi={10.1109/JIOT.2018.2802704}
}

@INBOOK{mtd_review_of_defense_mechanisms,
  author={Saputro, Nico and Tonyali, Samet and Aydeger, Abdullah and Akkaya, Kemal and Rahman, Mohammad A. and Uluagac, Selcuk},
  booktitle={Modeling and Design of Secure Internet of Things}, 
  title={A Review of Moving Target Defense Mechanisms for Internet of Things Applications}, 
  year={2020},
  volume={},
  number={},
  pages={563-614},
  doi={10.1002/9781119593386.ch24}
}

@INPROCEEDINGS{soap_software_mtd_technique,
  author={Long, Fan and Ganesh, Vijay and Carbin, Michael and Sidiroglou, Stelios and Rinard, Martin},
  booktitle={2012 34th International Conference on Software Engineering (ICSE)}, 
  title={Automatic input rectification}, 
  year={2012},
  volume={},
  number={},
  pages={80-90},
  doi={10.1109/ICSE.2012.6227204}
}

@misc{aslr_runtime_mtd_technique,
  title={PaX project ASLR documentation},
  howpublished={\url{https://pax.grsecurity.net/docs/aslr.txt}},
  note={Original ASLR implementation}
}

@inproceedings{isr_runtime_mtd_technique,
  title={Instruction Set Randomization: An Updated Implementation},
  author={Jeffrey Kennan and Vasileios P. Kemerlis},
  year={2020},
  url={https://api.semanticscholar.org/CorpusID:219570791}
}

@ARTICLE{mtd_other_classification_methods,
  author={Okhravi, Hamed and Hobson, Thomas and Bigelow, David and Streilein, William},
  journal={IEEE Security & Privacy}, 
  title={Finding Focus in the Blur of Moving-Target Techniques}, 
  year={2014},
  volume={12},
  number={2},
  pages={16-26},
  keywords={Computer security;Target tracking;Computer crime;Network security;IP networks;Ports (Computers);Software engineering;Runtime environment;Dynamic programming;moving target;cyber moving target;ASLR;reconnaissance;dynamic network;dynamic platform;dynamic runtime environment;dynamic software;dynamic data},
  doi={10.1109/MSP.2013.137}
}

@InProceedings{talent_mtd_dynamic_technique,
author="Okhravi, Hamed
and Comella, Adam
and Robinson, Eric
and Yannalfo, Stephen
and Michaleas, Peter
and Haines, Joshua",
editor="Butts, Jonathan
and Shenoi, Sujeet",
title="Creating a Cyber Moving Target for Critical Infrastructure Applications",
booktitle="Critical Infrastructure Protection V",
year="2011",
publisher="Springer Berlin Heidelberg",
address="Berlin, Heidelberg",
pages="107--123",
isbn="978-3-642-24864-1"
}

@ARTICLE{web_servers_mtd_dynamic_technique,
  author={Saidane, Ayda and Nicomette, Vincent and Deswarte, Yves},
  journal={IEEE Transactions on Dependable and Secure Computing}, 
  title={The Design of a Generic Intrusion-Tolerant Architecture for Web Servers}, 
  year={2009},
  volume={6},
  number={1},
  pages={45-58}
}

@article{mtd_security_model,
author = {Cai, Gui-lin and Wang, Bao-sheng and Hu, Wei and Wang, Tian-zuo},
year = {2016},
month = {11},
pages = {1122-1153},
title = {Moving target defense: state of the art and characteristics},
volume = {17},
journal = {Frontiers of Information Technology & Electronic Engineering},
doi = {10.1631/FITEE.1601321}
}

@misc{mtd_security_model_framework,
  author = "National Institute of Standards and Technology",
  title = "Framework for Improving Critical Infrastructure Cybersecurity",
  year = "2021",
  url = "https://www.nist.gov/cyberframework"
}

@book{mtd_book2,
   title =     {Moving Target Defense II: Application of Game Theory and Adversarial Modeling},
   author =    {Pratyusa K. Manadhata (auth.), Sushil Jajodia, Anup K. Ghosh, V.S. Subrahmanian, Vipin Swarup, Cliff Wang, X. Sean Wang (eds.)},
   publisher = {Springer-Verlag New York},
   isbn =      {978-1-4614-5415-1,978-1-4614-5416-8},
   year =      {2013},
   series =    {Advances in Information Security 100},
   edition =   {1},
   url =       {http://gen.lib.rus.ec/book/index.php?md5=1c25af1a05b4c188ca14b2a92e4edf54}
}

@ARTICLE{mtd_security_model_metric,
  author={Manadhata, Pratyusa K. and Wing, Jeannette M.},
  journal={IEEE Transactions on Software Engineering}, 
  title={An Attack Surface Metric}, 
  year={2011},
  volume={37},
  number={3},
  pages={371-386},
  doi={10.1109/TSE.2010.60}
}
